@article{acemoglu2002directed,
  author  = {Daron Acemoglu},
  doi     = {10.1111/1467-937X.00226},
  journal = {The Review of Economic Studies},
  month   = {10},
  number  = {4},
  pages   = {781-809},
  title   = {Directed Technical Change},
  url     = {https://academic.oup.com/restud/article-abstract/69/4/781/1556072},
  volume  = {69},
  year    = {2002}
}

@article{acemoglu2003laborcapaugment,
  author  = {Daron Acemoglu},
  doi     = {10.1162/154247603322256756},
  journal = {Journal of the European Economic Association},
  month   = {3},
  number  = {1},
  pages   = {1-37},
  title   = {Labor- and Capital-Augmenting Technical Change},
  url     = {https://academic.oup.com/jeea/article-abstract/1/1/1/2294416},
  volume  = {1},
  year    = {2003}
}

@book{acemoglu2009growth,
  author    = {Daron Acemoglu},
  isbn      = {9780691132921},
  location  = {Princeton, NJ},
  month     = {1},
  publisher = {Princeton University Press},
  title     = {Introduction to Modern Economic Growth},
  url       = {https://press.princeton.edu/books/hardcover/9780691132921/introduction-to-modern-economic-growth},
  year      = {2009}
}

@article{acemoglu2018race,
  author  = {Daron Acemoglu and Pascual Restrepo},
  doi     = {10.1257/aer.20160696},
  journal = {American Economic Review},
  month   = {6},
  number  = {6},
  pages   = {1488-1542},
  title   = {The Race between Man and Machine: Implications of Technology for Growth, Factor Shares, and Employment},
  url     = {https://www.aeaweb.org/articles?id=10.1257/aer.20160696},
  volume  = {108},
  year    = {2018}
}

@article{acemoglujohnsonrobinson2001,
  author  = {Daron Acemoglu and Simon Johnson and James A. Robinson},
  doi     = {10.1257/aer.91.5.1369},
  journal = {American Economic Review},
  month   = {12},
  number  = {5},
  pages   = {1369-1401},
  title   = {The Colonial Origins of Comparative Development: An Empirical Investigation},
  url     = {https://www.aeaweb.org/articles?id=10.1257/aer.91.5.1369},
  volume  = {91},
  year    = {2001}
}

@article{aghion1992model,
  author  = {Aghion, Philippe and Howitt, Peter},
  journal = {Econometrica},
  number  = {2},
  pages   = {323--351},
  title   = {A model of growth through creative destruction},
  volume  = {60},
  year    = {1992}
}

@book{aghion2009economics,
  author    = {Aghion, Philippe and Howitt, Peter},
  publisher = {MIT Press},
  title     = {The economics of growth},
  year      = {2009}
}

@incollection{aghion2018finance,
  address   = {Cheltenham, UK},
  author    = {Philippe Aghion and Peter Howitt and Ross Levine},
  booktitle = {Handbook of Finance and Development},
  doi       = {10.4337/9781785360510.00007},
  editor    = {Thorsten Beck and Ross Levine},
  isbn      = {978-1-78536-050-3},
  pages     = {3--30},
  publisher = {Edward Elgar},
  title     = {Financial Development and Innovation-Led Growth},
  year      = {2018}
}

@book{aghion2021power,
  author    = {Philippe Aghion and Céline Antonin and Simon Bunel},
  isbn      = {9780674971165},
  location  = {Cambridge, MA},
  month     = {6},
  publisher = {Belknap Press},
  title     = {The Power of Creative Destruction: Economic Upheaval and the Wealth of Nations},
  url       = {https://www.hup.harvard.edu/books/9780674971165},
  year      = {2021}
}

@article{autor2013china,
  author  = {David H. Autor and David Dorn and Gordon H. Hanson},
  doi     = {10.1257/aer.103.6.2121},
  journal = {American Economic Review},
  month   = {10},
  number  = {6},
  pages   = {2121-2168},
  title   = {The China Syndrome: Local Labor Market Effects of Import Competition in the United States},
  url     = {https://www.aeaweb.org/articles?id=10.1257/aer.103.6.2121},
  volume  = {103},
  year    = {2013}
}

@article{autor2020superstar,
  author  = {David Autor and David Dorn and Lawrence F. Katz and Christina Patterson and John Van Reenen},
  doi     = {10.1093/qje/qjaa004},
  journal = {The Quarterly Journal of Economics},
  month   = {5},
  number  = {2},
  pages   = {645-709},
  title   = {The Fall of the Labor Share and the Rise of Superstar Firms},
  url     = {https://academic.oup.com/qje/article/135/2/645/5721414},
  volume  = {135},
  year    = {2020}
}

@book{baldwin2016great,
  author    = {Richard Baldwin},
  isbn      = {9780674660489},
  location  = {Cambridge, MA},
  month     = {11},
  publisher = {Harvard University Press},
  title     = {The Great Convergence: Information Technology and the New Globalization},
  url       = {https://www.hup.harvard.edu/books/9780674660489},
  year      = {2016}
}

@article{barkai2020declining,
  author  = {Simcha Barkai},
  doi     = {10.1111/jofi.12842},
  journal = {The Journal of Finance},
  month   = {10},
  number  = {5},
  pages   = {2421-2463},
  title   = {Declining Labor and Capital Shares},
  url     = {https://onlinelibrary.wiley.com/doi/10.1111/jofi.12842},
  volume  = {75},
  year    = {2020}
}

@article{barro1991,
  author  = {Robert J. Barro},
  doi     = {10.2307/2937943},
  journal = {The Quarterly Journal of Economics},
  month   = {5},
  number  = {2},
  pages   = {407-443},
  title   = {Economic Growth in a Cross Section of Countries},
  url     = {https://academic.oup.com/qje/article-abstract/106/2/407/1905452},
  volume  = {106},
  year    = {1991}
}

@book{barro1995growth,
  address   = {New York},
  author    = {Robert J. Barro and Xavier Sala-i-Martin},
  publisher = {McGraw-Hill},
  title     = {Economic Growth},
  year      = {1995}
}

@article{barrosalaimartin1992,
  author  = {Robert J. Barro and Xavier Sala-i-Martin},
  doi     = {10.1086/261816},
  journal = {Journal of Political Economy},
  month   = {4},
  number  = {2},
  pages   = {223-251},
  title   = {Convergence},
  url     = {https://www.journals.uchicago.edu/doi/10.1086/261816},
  volume  = {100},
  year    = {1992}
}

@book{barrosalaimartin2003,
  author    = {Robert J. Barro and Xavier Sala-i-Martin},
  edition   = {2},
  isbn      = {9780262025539},
  location  = {Cambridge, MA},
  month     = {10},
  publisher = {MIT Press},
  title     = {Economic Growth},
  year      = {2003}
}

@article{bloomwilliamson1998,
  author  = {David E. Bloom and Jeffrey G. Williamson},
  doi     = {10.1093/wber/12.3.419},
  journal = {The World Bank Economic Review},
  month   = {9},
  number  = {3},
  pages   = {419-455},
  title   = {Demographic Transitions and Economic Miracles in Emerging Asia},
  url     = {https://academic.oup.com/wber/article-abstract/12/3/419/1632238},
  volume  = {12},
  year    = {1998}
}

@report{bolt2018rebasing,
  author      = {Jutta Bolt and Robert Inklaar and Herman de Jong and Jan Luiten van Zanden},
  institution = {Groningen Growth and Development Centre},
  month       = {1},
  number      = {GD-174},
  title       = {Rebasing 'Maddison': New Income Comparisons and the Shape of Long-Run Economic Development},
  type        = {GGDC Research Memorandum},
  url         = {https://www.rug.nl/ggdc/historicaldevelopment/maddison/releases/maddison-project-database-2018},
  year        = {2018}
}

@book{burmeister1970mathematical,
  address   = {New York},
  author    = {Edwin Burmeister and A. Rodney Dobell},
  publisher = {Macmillan},
  title     = {Mathematical Theories of Economic Growth},
  year      = {1970}
}

@article{byrnefernaldreinsdorf2016,
  author  = {David M. Byrne and John G. Fernald and Marshall B. Reinsdorf},
  doi     = {10.1353/eca.2016.0014},
  journal = {Brookings Papers on Economic Activity},
  month   = {3},
  number  = {1},
  pages   = {109-182},
  title   = {Does the United States Have a Productivity Slowdown or a Measurement Problem?},
  url     = {https://www.brookings.edu/articles/does-the-united-states-have-a-productivity-slowdown-or-a-measurement-problem/},
  volume  = {2016},
  year    = {2016}
}

@article{byrneolinersichel2017,
  author  = {David M. Byrne and Stephen D. Oliner and Daniel E. Sichel},
  journal = {Brookings Papers on Economic Activity},
  month   = {3},
  number  = {1},
  pages   = {247-300},
  title   = {How Fast Are Semiconductor Prices Falling?},
  url     = {https://www.brookings.edu/articles/how-fast-are-semiconductor-prices-falling/},
  volume  = {2017},
  year    = {2017}
}

@incollection{caselli2005,
  author    = {Francesco Caselli},
  booktitle = {Handbook of Economic Growth, Volume 1A},
  doi       = {10.1016/S1574-0684(05)01009-9},
  editor    = {Philippe Aghion and Steven N. Durlauf},
  location  = {Amsterdam},
  pages     = {679-741},
  publisher = {Elsevier},
  title     = {Accounting for Cross-Country Income Differences},
  url       = {https://www.sciencedirect.com/science/article/pii/S1574068405010099},
  year      = {2005}
}

@article{cass1965optimum,
  author  = {David Cass},
  doi     = {10.2307/2295827},
  journal = {The Review of Economic Studies},
  month   = {7},
  number  = {3},
  pages   = {233-240},
  title   = {Optimum Growth in an Aggregative Model of Capital Accumulation},
  url     = {https://www.jstor.org/stable/2295827},
  volume  = {32},
  year    = {1965}
}

@article{collinsbosworth1996,
  author  = {Susan M. Collins and Barry P. Bosworth},
  doi     = {10.2307/2534621},
  journal = {Brookings Papers on Economic Activity},
  month   = {9},
  number  = {2},
  pages   = {135-204},
  title   = {Economic Growth in East Asia: Accumulation versus Assimilation?},
  url     = {https://www.brookings.edu/wp-content/uploads/1997/06/1996b_bpea_collins_bosworth_rodrik.pdf},
  volume  = {1996},
  year    = {1996}
}

@article{cominhobijn2010,
  author  = {Diego Comin and Bart Hobijn},
  doi     = {10.1257/aer.100.5.2031},
  journal = {American Economic Review},
  month   = {12},
  number  = {5},
  pages   = {2031-2059},
  title   = {An Exploration of Technology Diffusion},
  url     = {https://www.aeaweb.org/articles?id=10.1257/aer.100.5.2031},
  volume  = {100},
  year    = {2010}
}

@article{cominmestieri2018,
  author  = {Diego A. Comin and Martí Mestieri},
  doi     = {10.1257/mac.20150175},
  journal = {American Economic Journal: Macroeconomics},
  month   = {7},
  number  = {3},
  pages   = {137-178},
  title   = {If Technology Has Arrived Everywhere, Why Has Income Diverged?},
  url     = {https://www.aeaweb.org/articles?id=10.1257/mac.20150175},
  volume  = {10},
  year    = {2018}
}

@incollection{corradohultensichel2005,
  author    = {Carol Corrado and Charles Hulten and Daniel Sichel},
  booktitle = {Measuring Capital in the New Economy},
  doi       = {10.7208/chicago/9780226116174.003.0002},
  editor    = {Carol Corrado and John Haltiwanger and Daniel Sichel},
  isbn      = {978-0-226-11604-4},
  location  = {Chicago},
  pages     = {11-46},
  publisher = {University of Chicago Press},
  title     = {Measuring Capital and Technology: An Expanded Framework},
  url       = {https://www.nber.org/books-and-chapters/measuring-capital-new-economy/measuring-capital-and-technology-expanded-framework},
  year      = {2005}
}

@article{corradohultensichel2009,
  author  = {Carol Corrado and Charles Hulten and Daniel Sichel},
  doi     = {10.1111/j.1475-4991.2009.00343.x},
  journal = {Review of Income and Wealth},
  month   = {9},
  number  = {3},
  pages   = {661-685},
  title   = {Intangible Capital and U.S. Economic Growth},
  url     = {https://onlinelibrary.wiley.com/doi/10.1111/j.1475-4991.2009.00343.x},
  volume  = {55},
  year    = {2009}
}

@report{crouzeteberly2019,
  author      = {Nicolas Crouzet and Janice C. Eberly},
  institution = {National Bureau of Economic Research},
  month       = {5},
  number      = {25869},
  title       = {Understanding Weak Capital Investment: The Role of Market Concentration and Intangibles},
  type        = {NBER Working Paper},
  url         = {https://www.nber.org/papers/w25869},
  year        = {2019}
}

@report{dao2017why,
  author      = {Mai Chi Dao and Mitali Das and Zsoka Koczan and Weicheng Lian},
  institution = {International Monetary Fund},
  month       = {7},
  number      = {WP/17/169},
  title       = {Why Is Labor Receiving a Smaller Share of Global Income? Theory and Empirical Evidence},
  type        = {IMF Working Paper},
  url         = {https://www.elibrary.imf.org/downloadpdf/view/journals/001/2017/169/001.2017.issue-169-en.pdf},
  year        = {2017}
}

@article{deloecker2020markups,
  author  = {Jan De Loecker and Jan Eeckhout and Gabriel Unger},
  doi     = {10.1093/qje/qjz041},
  journal = {The Quarterly Journal of Economics},
  month   = {5},
  number  = {2},
  pages   = {561-644},
  title   = {The Rise of Market Power and the Macroeconomic Implications},
  url     = {https://academic.oup.com/qje/article/135/2/561/5687353},
  volume  = {135},
  year    = {2020}
}

@article{drandakis1963growth,
  author  = {Drandakis, Emmanuel M},
  journal = {Review of Economic Studies},
  number  = {3},
  pages   = {217--228},
  title   = {Factor substitution in the two-sector growth model},
  volume  = {30},
  year    = {1963}
}

@article{duernecker2021productivity,
  author  = {Georg Duernecker and Berthold Herrendorf and \'Akos Valentinyi},
  doi     = {10.1016/j.jedc.2021.104200},
  issn    = {0165-1889},
  journal = {Journal of Economic Dynamics and Control},
  pages   = {104200},
  title   = {The Productivity Growth Slowdown and Kaldor's Growth Facts},
  volume  = {130},
  year    = {2021}
}

@article{duernecker2023productivity,
  author  = {Georg Duernecker and Berthold Herrendorf and Akos Valentinyi},
  doi     = {10.1016/j.jmoneco.2022.12.003},
  journal = {Journal of Monetary Economics},
  month   = {7},
  pages   = {74-90},
  title   = {Measuring Aggregate Productivity Growth: The Importance of Sectoral Trends},
  url     = {https://www.sciencedirect.com/science/article/pii/S0304393222001741},
  volume  = {134},
  year    = {2023}
}

@incollection{durlaufjohnsontemple2005,
  author    = {Steven N. Durlauf and Paul A. Johnson and Jonathan R. W. Temple},
  booktitle = {Handbook of Economic Growth, Volume 1A},
  doi       = {10.1016/S1574-0684(05)01008-7},
  editor    = {Philippe Aghion and Steven N. Durlauf},
  location  = {Amsterdam},
  pages     = {555-677},
  publisher = {Elsevier},
  title     = {Growth Econometrics},
  url       = {https://www.sciencedirect.com/science/article/pii/S1574068405010087},
  year      = {2005}
}

@book{eastasianmiracle1993,
  author    = {World Bank},
  isbn      = {9780195209938},
  location  = {New York, NY},
  month     = {9},
  publisher = {Oxford University Press and World Bank},
  title     = {The East Asian Miracle: Economic Growth and Public Policy},
  url       = {https://documents.worldbank.org/en/publication/documents-reports/documentdetail/975081468244550798},
  year      = {1993}
}

@report{eggertsson2018kaldor,
  author      = {Gauti B. Eggertsson and Jacob A. Robbins and Ella Getz Wold},
  doi         = {10.3386/w24287},
  institution = {National Bureau of Economic Research},
  month       = {2},
  number      = {24287},
  title       = {Kaldor and Piketty's Facts: The Rise of Monopoly Power in the United States},
  type        = {NBER Working Paper},
  url         = {https://www.nber.org/papers/w24287},
  year        = {2018}
}

@article{elsby2013decline,
  author  = {Michael W. L. Elsby and Bart Hobijn and Aysegul Sahin},
  journal = {Brookings Papers on Economic Activity},
  month   = {3},
  number  = {1},
  pages   = {1-63},
  title   = {The Decline of the U.S. Labor Share},
  url     = {https://www.brookings.edu/articles/the-decline-of-the-u-s-labor-share/},
  volume  = {2013},
  year    = {2013}
}

@article{feenstra2015next,
  author  = {Feenstra, Robert C. and Inklaar, Robert and Timmer, Marcel P.},
  journal = {American Economic Review},
  number  = {10},
  pages   = {3150--3182},
  title   = {The Next Generation of the Penn World Table},
  volume  = {105},
  year    = {2015}
}

@article{feenstrainklaartimmer2015pwt,
  author  = {Robert C. Feenstra and Robert Inklaar and Marcel P. Timmer},
  doi     = {10.1257/aer.20130954},
  journal = {American Economic Review},
  month   = {10},
  number  = {10},
  pages   = {3150-3182},
  title   = {The Next Generation of the Penn World Table},
  url     = {https://www.aeaweb.org/articles?id=10.1257/aer.20130954},
  volume  = {105},
  year    = {2015}
}

@report{fernald2015productivity,
  author      = {John G. Fernald},
  institution = {Federal Reserve Bank of San Francisco},
  month       = {6},
  number      = {2014-15},
  title       = {Productivity and Potential Output Before, During, and After the Great Recession},
  type        = {Working Paper},
  url         = {https://www.frbsf.org/research-and-insights/publications/working-papers/2014/15/},
  year        = {2015}
}

@article{gollin2002getting,
  author  = {Douglas Gollin},
  doi     = {10.1086/338747},
  journal = {Journal of Political Economy},
  month   = {4},
  number  = {2},
  pages   = {458-474},
  title   = {Getting Income Shares Right},
  url     = {https://www.journals.uchicago.edu/doi/10.1086/338747},
  volume  = {110},
  year    = {2002}
}

@book{gordon2016rise,
  author    = {Robert J. Gordon},
  isbn      = {9780691147727},
  location  = {Princeton, NJ},
  month     = {1},
  publisher = {Princeton University Press},
  title     = {The Rise and Fall of American Growth: The U.S. Standard of Living since the Civil War},
  url       = {https://press.princeton.edu/books/hardcover/9780691147727/the-rise-and-fall-of-american-growth},
  year      = {2016}
}

@article{greenwood1997investment,
  author  = {Jeremy Greenwood and Zvi Hercowitz and Per Krusell},
  issn    = {0002-8282},
  journal = {American Economic Review},
  number  = {3},
  pages   = {342--362},
  title   = {Long-Run Implications of Investment-Specific Technological Change},
  volume  = {87},
  year    = {1997}
}

@article{greenwoodhercowitzkrusell1997,
  author  = {Jeremy Greenwood and Zvi Hercowitz and Per Krusell},
  journal = {American Economic Review},
  month   = {6},
  number  = {3},
  pages   = {342-362},
  title   = {Long-Run Implications of Investment-Specific Technological Change},
  url     = {https://www.jstor.org/stable/2951349},
  volume  = {87},
  year    = {1997}
}

@book{grossman1991innovation,
  author    = {Grossman, Gene M and Helpman, Elhanan},
  publisher = {MIT Press},
  title     = {Innovation and Growth in the Global Economy},
  year      = {1991}
}

@article{grossman2017balanced,
  author  = {Gene M. Grossman and Elhanan Helpman and Ezra Oberfield and Thomas Sampson},
  doi     = {10.1257/aer.20150304},
  journal = {American Economic Review},
  month   = {4},
  number  = {4},
  pages   = {1244-1271},
  title   = {Balanced Growth Despite Uzawa},
  url     = {https://www.aeaweb.org/articles?id=10.1257/aer.20150304},
  volume  = {107},
  year    = {2017}
}

@article{gutierrezphilippon2017,
  author  = {Germán Gutiérrez and Thomas Philippon},
  journal = {Brookings Papers on Economic Activity},
  month   = {9},
  number  = {2},
  pages   = {67-140},
  title   = {Investment-less Growth: An Empirical Investigation},
  url     = {https://www.brookings.edu/bpea-articles/investment-less-growth-an-empirical-investigation/},
  volume  = {2017},
  year    = {2017}
}

@article{hacche1979growth,
  author  = {Hacche, Graham},
  journal = {Economica},
  number  = {183},
  pages   = {337--338},
  title   = {The theory of economic growth: An introduction},
  volume  = {46},
  year    = {1979}
}

@article{halljones1999,
  author  = {Robert E. Hall and Charles I. Jones},
  doi     = {10.1162/003355399555954},
  journal = {The Quarterly Journal of Economics},
  month   = {2},
  number  = {1},
  pages   = {83-116},
  title   = {Why Do Some Countries Produce So Much More Output Per Worker Than Others?},
  url     = {https://academic.oup.com/qje/article-abstract/114/1/83/1921741},
  volume  = {114},
  year    = {1999}
}

@book{hamberg1971growth,
  address   = {New York},
  author    = {Daniel Hamberg},
  publisher = {Harper and Row},
  title     = {Models of Economic Growth},
  year      = {1971}
}

@incollection{herrendorf2014growth,
  author    = {Berthold Herrendorf and Richard Rogerson and Akos Valentinyi},
  booktitle = {Handbook of Economic Growth, Volume 2B},
  doi       = {10.1016/B978-0-444-53540-5.00006-9},
  editor    = {Philippe Aghion and Steven N. Durlauf},
  location  = {Amsterdam},
  pages     = {855-941},
  publisher = {Elsevier},
  title     = {Growth and Structural Transformation},
  url       = {https://www.sciencedirect.com/science/article/pii/B9780444535405000069},
  year      = {2014}
}

@article{herrendorf2019kaldor,
  author  = {Berthold Herrendorf and Richard Rogerson and Akos Valentinyi},
  journal = {Federal Reserve Bank of St. Louis Review},
  month   = {2},
  number  = {2},
  pages   = {85-99},
  title   = {Growth and the Kaldor Facts},
  url     = {https://research.stlouisfed.org/publications/review/2019/02/13/growth-and-the-kaldor-facts},
  volume  = {101},
  year    = {2019}
}

@article{holstonlaubachwilliams2017,
  author  = {Kathryn Holston and Thomas Laubach and John C. Williams},
  doi     = {10.1016/j.jinteco.2017.01.004},
  journal = {Journal of International Economics},
  month   = {5},
  pages   = {S59-S75},
  title   = {Measuring the Natural Rate of Interest: International Trends and Determinants},
  url     = {https://www.nber.org/books-and-chapters/nber-international-seminar-macroeconomics-2016/measuring-natural-rate-interest-international-trends-and-determinants},
  volume  = {108},
  year    = {2017}
}

@report{imf2017weo,
  author      = {International Monetary Fund},
  institution = {International Monetary Fund},
  month       = {4},
  number      = {April 2017},
  title       = {World Economic Outlook, April 2017: Chapter 3. Understanding the Downward Trend in Labor Income Shares},
  url         = {https://www.imf.org/en/Publications/WEO/Issues/2017/04/04/world-economic-outlook-april-2017},
  year        = {2017}
}

@article{inada1963conditions,
  author  = {Ken-Ichi Inada},
  journal = {Review of Economic Studies},
  number  = {2},
  pages   = {119-127},
  title   = {On a Two-Sector Model of Economic Growth: Comments and a Generalization},
  volume  = {30},
  year    = {1963}
}

@article{inada1964growth,
  author  = {Inada, Ken-Ichi},
  journal = {Review of Economic Studies},
  number  = {2},
  pages   = {127--142},
  title   = {On the stability of growth equilibria in two-sector models},
  volume  = {31},
  year    = {1964}
}

@article{jones1995rd,
  author  = {Jones, Charles I},
  journal = {Journal of political Economy},
  number  = {4},
  pages   = {759--784},
  title   = {R\&D-based models of economic growth},
  volume  = {103},
  year    = {1995}
}

@article{jones2010new,
  author  = {Charles I. Jones and Paul M. Romer},
  doi     = {10.1257/mac.2.1.224},
  journal = {American Economic Journal: Macroeconomics},
  month   = {1},
  number  = {1},
  pages   = {224-245},
  title   = {The New Kaldor Facts: Ideas, Institutions, Population, and Human Capital},
  url     = {https://www.aeaweb.org/articles?id=10.1257/mac.2.1.224},
  volume  = {2},
  year    = {2010}
}

@incollection{jones2016facts,
  author    = {Charles I. Jones},
  booktitle = {Handbook of Macroeconomics, Volume 2A},
  doi       = {10.1016/bs.hesmac.2016.03.002},
  editor    = {John B. Taylor and Harald Uhlig},
  location  = {Amsterdam},
  pages     = {3-69},
  publisher = {Elsevier},
  title     = {The Facts of Economic Growth},
  url       = {https://www.sciencedirect.com/science/article/pii/S1574004816300024},
  year      = {2016}
}

@article{jorda2019rate,
  author  = {Òscar Jordà and Katharina Knoll and Dmitry Kuvshinov and Moritz Schularick and Alan M. Taylor},
  doi     = {10.1093/qje/qjz012},
  journal = {The Quarterly Journal of Economics},
  month   = {8},
  number  = {3},
  pages   = {1225-1298},
  title   = {The Rate of Return on Everything, 1870–2015},
  url     = {https://academic.oup.com/qje/article-abstract/134/3/1225/5435538},
  volume  = {134},
  year    = {2019}
}

@article{jorgensonhostiroh2008,
  author  = {Dale W. Jorgenson and Mun S. Ho and Kevin J. Stiroh},
  doi     = {10.1257/jep.22.1.3},
  journal = {Journal of Economic Perspectives},
  month   = {1},
  number  = {1},
  pages   = {3-24},
  title   = {A Retrospective Look at the U.S. Productivity Growth Resurgence},
  url     = {https://www.aeaweb.org/articles?id=10.1257/jep.22.1.3},
  volume  = {22},
  year    = {2008}
}

@article{jorgensonstiroh2000,
  author  = {Dale W. Jorgenson and Kevin J. Stiroh},
  doi     = {10.1353/eca.2000.0018},
  journal = {Brookings Papers on Economic Activity},
  month   = {6},
  number  = {1},
  pages   = {125-235},
  title   = {Raising the Speed Limit: U.S. Economic Growth in the Information Age},
  url     = {https://www.brookings.edu/bpea-articles/raising-the-speed-limit-u-s-economic-growth-in-the-information-age/},
  volume  = {2000},
  year    = {2000}
}

@article{kaldor1957model,
  author  = {Nicholas Kaldor},
  doi     = {10.2307/2227704},
  journal = {The Economic Journal},
  month   = {12},
  number  = {268},
  pages   = {591-624},
  title   = {A Model of Economic Growth},
  url     = {https://academic.oup.com/ej/article-abstract/67/268/591/5248725},
  volume  = {67},
  year    = {1957}
}

@incollection{kaldor1961capital,
  author    = {Nicholas Kaldor},
  booktitle = {The Theory of Capital},
  doi       = {10.1007/978-1-349-08452-4_10},
  editor    = {F. A. Lutz and D. C. Hague},
  isbn      = {978-1-349-08452-4},
  location  = {London},
  pages     = {177-222},
  publisher = {Palgrave Macmillan},
  title     = {Capital Accumulation and Economic Growth},
  url       = {https://ideas.repec.org/h/pal/intecp/978-1-349-08452-4_10.html},
  year      = {1961}
}

@article{kaldor1961growth,
  address   = {New York},
  author    = {Nicholas Kaldor},
  journal   = {In F. A. Lutz and D. C. Hague (eds.), The Theory of Capital},
  pages     = {177-222},
  publisher = {St. Martin's Press},
  title     = {Capital Accumulation and Economic Growth},
  year      = {1961}
}

@article{karabarbounis2014global,
  author  = {Loukas Karabarbounis and Brent Neiman},
  doi     = {10.1093/qje/qjt032},
  journal = {The Quarterly Journal of Economics},
  month   = {2},
  number  = {1},
  pages   = {61-103},
  title   = {The Global Decline of the Labor Share},
  url     = {https://academic.oup.com/qje/article/129/1/61/1890096},
  volume  = {129},
  year    = {2014}
}

@article{keller2004,
  author  = {Wolfgang Keller},
  doi     = {10.1257/0022051042177685},
  journal = {Journal of Economic Literature},
  month   = {9},
  number  = {3},
  pages   = {752-782},
  title   = {International Technology Diffusion},
  url     = {https://www.aeaweb.org/articles?id=10.1257/0022051042177685},
  volume  = {42},
  year    = {2004}
}

@article{kingrebelo1993,
  author  = {Robert G. King and Sergio T. Rebelo},
  journal = {The American Economic Review},
  month   = {9},
  number  = {4},
  pages   = {908-931},
  title   = {Transitional Dynamics and Economic Growth in the Neoclassical Model},
  volume  = {83},
  year    = {1993}
}

@article{koh2024longrun,
  author  = {Dongya Koh and Raul Santaeulalia-Llopis and Yu Zheng},
  doi     = {10.1016/j.red.2023.11.003},
  journal = {Review of Economic Dynamics},
  month   = {1},
  pages   = {181-207},
  title   = {Labor Share Decline and the Capitalization of Intellectual Property Products},
  url     = {https://www.sciencedirect.com/science/article/pii/S1094202523000730},
  volume  = {54},
  year    = {2024}
}

@article{koopmans1963concept,
  author  = {Koopmans, Tjalling C},
  journal = {Pontificiae Academiae Scientiarum Scripta Varia},
  title   = {On the concept of optimal economic growth},
  volume  = {28},
  year    = {1963}
}

@incollection{koopmans1965,
  author    = {Tjalling C. Koopmans},
  booktitle = {The Econometric Approach to Development Planning},
  editor    = {Johannes Tinbergen},
  location  = {Amsterdam},
  pages     = {225-287},
  publisher = {North-Holland},
  title     = {On the Concept of Optimal Economic Growth},
  year      = {1965}
}

@article{lucas1988mechanics,
  author  = {Lucas Jr, Robert E},
  journal = {Journal of monetary economics},
  number  = {1},
  pages   = {3--42},
  title   = {On the mechanics of economic development},
  volume  = {22},
  year    = {1988}
}

@article{meade1961growth,
  address = {London},
  author  = {James E. Meade},
  journal = {George Allen and Unwin},
  title   = {A Neo-Classical Theory of Economic Growth},
  year    = {1961}
}

@report{oecd2012labourlosing,
  author      = {OECD},
  institution = {OECD Publishing},
  isbn        = {978-92-64-16668-4},
  month       = {7},
  title       = {OECD Employment Outlook 2012, Chapter 3: Labour Losing to Capital: What Explains the Declining Labour Share?},
  url         = {https://www.oecd.org/en/publications/reports/2012/07/oecd-employment-outlook-2012_g1g1dcdb.html},
  year        = {2012}
}

@book{oecd2015productivity,
  author    = {OECD},
  isbn      = {978-92-64-24853-3},
  location  = {Paris},
  month     = {7},
  publisher = {OECD Publishing},
  title     = {The Future of Productivity},
  url       = {https://www.oecd.org/en/publications/reports/2015/12/the-future-of-productivity_9789264248533-en.html},
  year      = {2015}
}

@article{olinersichel2000,
  author  = {Stephen D. Oliner and Daniel E. Sichel},
  doi     = {10.1257/jep.14.4.3},
  journal = {Journal of Economic Perspectives},
  month   = {12},
  number  = {4},
  pages   = {3-22},
  title   = {The Resurgence of Growth in the Late 1990s: Is Information Technology the Story?},
  url     = {https://www.aeaweb.org/articles?id=10.1257/jep.14.4.3},
  volume  = {14},
  year    = {2000}
}

@book{piketty2014capital,
  author    = {Thomas Piketty},
  isbn      = {9780674430006},
  location  = {Cambridge, MA},
  month     = {3},
  publisher = {Harvard University Press},
  title     = {Capital in the Twenty-First Century},
  url       = {https://www.hup.harvard.edu/books/9780674430006},
  year      = {2014}
}

@article{piketty2014capitalback,
  author  = {Thomas Piketty and Gabriel Zucman},
  doi     = {10.1093/qje/qju018},
  issn    = {0033-5533},
  journal = {The Quarterly Journal of Economics},
  number  = {3},
  pages   = {1255--1310},
  title   = {Capital is Back: Wealth-Income Ratios in Rich Countries 1700--2010},
  volume  = {129},
  year    = {2014}
}

@article{pikettyzucman2014,
  author  = {Thomas Piketty and Gabriel Zucman},
  doi     = {10.1093/qje/qju018},
  journal = {The Quarterly Journal of Economics},
  month   = {8},
  number  = {3},
  pages   = {1255-1310},
  title   = {Capital is Back: Wealth-Income Ratios in Rich Countries 1700–2010},
  url     = {https://academic.oup.com/qje/article/129/3/1255/1853764},
  volume  = {129},
  year    = {2014}
}

@article{pritchett1997divergence,
  author  = {Lant Pritchett},
  doi     = {10.1257/jep.11.3.3},
  journal = {Journal of Economic Perspectives},
  month   = {6},
  number  = {3},
  pages   = {3-17},
  title   = {Divergence, Big Time},
  url     = {https://www.aeaweb.org/articles?id=10.1257/jep.11.3.3},
  volume  = {11},
  year    = {1997}
}

@report{rachelsmith2015,
  author      = {Lukasz Rachel and Thomas D. Smith},
  institution = {Bank of England},
  month       = {12},
  number      = {571},
  title       = {Secular Drivers of the Global Real Interest Rate},
  type        = {Staff Working Paper},
  url         = {https://www.bankofengland.co.uk/working-paper/2015/secular-drivers-of-the-global-real-interest-rate},
  year        = {2015}
}

@article{ramsey1928mathematical,
  author  = {Ramsey, Frank P},
  journal = {The economic journal},
  number  = {152},
  pages   = {543--559},
  title   = {A mathematical theory of saving},
  volume  = {38},
  year    = {1928}
}

@book{reinhartrogoff2009,
  author    = {Carmen M. Reinhart and Kenneth S. Rogoff},
  isbn      = {9780691142166},
  location  = {Princeton, NJ},
  month     = {10},
  publisher = {Princeton University Press},
  title     = {This Time Is Different: Eight Centuries of Financial Folly},
  url       = {https://press.princeton.edu/books/hardcover/9780691142166/this-time-is-different},
  year      = {2009}
}

@article{rodriksubramaniantrebbi2004,
  author  = {Dani Rodrik and Arvind Subramanian and Francesco Trebbi},
  doi     = {10.1023/B:JOEG.0000031425.72248.85},
  journal = {Journal of Economic Growth},
  month   = {6},
  number  = {2},
  pages   = {131-165},
  title   = {Institutions Rule: The Primacy of Institutions over Geography and Integration in Economic Development},
  url     = {https://link.springer.com/article/10.1023/B:JOEG.0000031425.72248.85},
  volume  = {9},
  year    = {2004}
}

@article{rognlie2015deciphering,
  author  = {Matthew Rognlie},
  journal = {Brookings Papers on Economic Activity},
  month   = {3},
  number  = {1},
  pages   = {1-69},
  title   = {Deciphering the Fall and Rise of the Net Capital Share},
  url     = {https://www.brookings.edu/wp-content/uploads/2016/06/2015a_rognlie.pdf},
  volume  = {2015},
  year    = {2015}
}

@article{romer1986increasing,
  author  = {Romer, Paul M},
  journal = {Journal of political economy},
  number  = {5},
  pages   = {1002--1037},
  title   = {Increasing returns and long-run growth},
  volume  = {94},
  year    = {1986}
}

@article{romer1989growth,
  address   = {Cambridge, MA},
  author    = {Paul M. Romer},
  journal   = {In R. J. Barro (ed.), Modern Business Cycle Theory},
  pages     = {51-127},
  publisher = {Harvard University Press},
  title     = {Capital Accumulation in the Theory of Long-Run Growth},
  year      = {1989}
}

@article{romer1990endogenous,
  author  = {Romer, Paul M},
  journal = {Journal of political Economy},
  number  = {5, Part 2},
  pages   = {S71--S102},
  title   = {Endogenous technological change},
  volume  = {98},
  year    = {1990}
}

@article{sato1963fiscal,
  author  = {Sato, Ryuzo},
  journal = {Review of Economic Studies},
  number  = {1},
  pages   = {16--23},
  title   = {Fiscal policy in a neo-classical growth model: An analysis of time required for equilibrating adjustment},
  volume  = {30},
  year    = {1963}
}

@book{skiadas2009asset,
  author    = {Skiadas, Costis},
  date      = 2009,
  publisher = {{Princeton University Press}},
  title     = {Asset Pricing Theory}
}

@article{solow1956contribution,
  author  = {Robert M. Solow},
  doi     = {10.2307/1884513},
  journal = {The Quarterly Journal of Economics},
  month   = {2},
  number  = {1},
  pages   = {65-94},
  title   = {A Contribution to the Theory of Economic Growth},
  url     = {https://academic.oup.com/qje/article-abstract/70/1/65/1885041},
  volume  = {70},
  year    = {1956}
}

@article{solow1956growth,
  author  = {Robert M. Solow},
  journal = {Quarterly Journal of Economics},
  number  = {1},
  pages   = {65-94},
  title   = {A Contribution to the Theory of Economic Growth},
  volume  = {70},
  year    = {1956}
}

@article{solow1957technical,
  author  = {Robert M. Solow},
  doi     = {10.2307/1926047},
  journal = {The Review of Economics and Statistics},
  month   = {8},
  number  = {3},
  pages   = {312-320},
  title   = {Technical Change and the Aggregate Production Function},
  url     = {https://www.jstor.org/stable/1926047},
  volume  = {39},
  year    = {1957}
}

@article{solow1961growth,
  author  = {Robert M. Solow},
  journal = {Review of Economic Studies},
  number  = {1},
  pages   = {48-50},
  title   = {Note on Uzawa's Two-Sector Model of Economic Growth},
  volume  = {29},
  year    = {1961}
}

@article{swan1956economic,
  author  = {Swan, Trevor W},
  journal = {Economic record},
  number  = {2},
  pages   = {334--361},
  title   = {Economic growth and capital accumulation},
  volume  = {32},
  year    = {1956}
}

@article{swan1956growth,
  author  = {Trevor W. Swan},
  journal = {Economic Record},
  number  = {2},
  pages   = {334-361},
  title   = {Economic Growth and Capital Accumulation},
  volume  = {32},
  year    = {1956}
}

@article{syverson2017,
  author  = {Chad Syverson},
  doi     = {10.1257/jep.31.2.165},
  journal = {Journal of Economic Perspectives},
  month   = {5},
  number  = {2},
  pages   = {165-186},
  title   = {Challenges to Mismeasurement Explanations for the US Productivity Slowdown},
  url     = {https://www.aeaweb.org/articles?id=10.1257/jep.31.2.165},
  volume  = {31},
  year    = {2017}
}

@article{uzawa1961growth,
  author  = {Uzawa, Hirofumi},
  journal = {Review of Economic Studies},
  number  = {2},
  pages   = {117--124},
  title   = {Neutral inventions and the stability of growth equilibrium},
  volume  = {28},
  year    = {1961}
}

@article{uzawa1963growth,
  author  = {Hirofumi Uzawa},
  journal = {Review of Economic Studies},
  number  = {2},
  pages   = {105-118},
  title   = {On a Two-Sector Model of Economic Growth II},
  volume  = {30},
  year    = {1963}
}

@book{vollrath2020fullygrown,
  author    = {Dietrich Vollrath},
  isbn      = {9780226666808},
  location  = {Chicago},
  month     = {1},
  publisher = {University of Chicago Press},
  title     = {Fully Grown: Why a Stagnant Economy Is a Sign of Success},
  url       = {https://press.uchicago.edu/ucp/books/book/chicago/F/bo44800441.html},
  year      = {2020}
}

@book{wan1971growth,
  address   = {New York},
  author    = {Henry Y. Wan Jr.},
  publisher = {Harcourt Brace Jovanovich},
  title     = {Economic Growth},
  year      = {1971}
}

@article{weitzman1976welfare,
  author  = {Martin L. Weitzman},
  doi     = {10.2307/1886092},
  journal = {The Quarterly Journal of Economics},
  month   = {2},
  number  = {1},
  pages   = {156-162},
  title   = {On the Welfare Significance of National Product in a Dynamic Economy},
  url     = {https://academic.oup.com/qje/article-abstract/90/1/156/1869900},
  volume  = {90},
  year    = {1976}
}

@dataset{worldbankwdi,
  author    = {World Bank},
  publisher = {World Bank},
  title     = {World Development Indicators},
  url       = {https://databank.worldbank.org/source/world-development-indicators},
  year      = {2025}
}

@article{young1995tyranny,
  author  = {Alwyn Young},
  doi     = {10.2307/2946695},
  journal = {The Quarterly Journal of Economics},
  month   = {8},
  number  = {3},
  pages   = {641-680},
  title   = {The Tyranny of Numbers: Confronting the Statistical Realities of the East Asian Growth Experience},
  url     = {https://academic.oup.com/qje/article-abstract/110/3/641/1859236},
  volume  = {110},
  year    = {1995}
}
